<?xml version="1.0" encoding="UTF-8"?><collection><record><leader>05923ntm a2200637 a 4500</leader><controlfield tag="001">006837439</controlfield><controlfield tag="003">MiAaHDL</controlfield><controlfield tag="005">20190719000000.0</controlfield><controlfield tag="006">m        d        </controlfield><controlfield tag="007">cr bn ---auaua</controlfield><controlfield tag="008">090709s1827    ir            00| ||per d</controlfield><datafield tag="035" ind1=" " ind2=" "><subfield code="a">(MiU)006837439</subfield></datafield><datafield tag="035" ind1=" " ind2=" "><subfield code="a">sdr-miu006837439</subfield></datafield><datafield tag="040" ind1=" " ind2=" "><subfield code="a">MiU</subfield><subfield code="c">MiU</subfield><subfield code="e">amremm</subfield></datafield><datafield tag="043" ind1=" " ind2=" "><subfield code="a">n-us-mi</subfield></datafield><datafield tag="100" ind1="1" ind2=" "><subfield code="6">880-01</subfield><subfield code="a">Burūjirdī, Muḥammad Taqī ibn Aḥmad,</subfield><subfield code="d">fl. 17th cent.</subfield></datafield><datafield tag="245" ind1="1" ind2="0"><subfield code="6">880-03</subfield><subfield code="a">ʻAyn al-bukāʼ,</subfield><subfield code="f">[1242, i.e. 1827].</subfield></datafield><datafield tag="246" ind1="3" ind2=" "><subfield code="a">عين البكاء</subfield></datafield><datafield tag="246" ind1="3" ind2=" "><subfield code="a">Lubb ʻAyn al-bukāʼ</subfield></datafield><datafield tag="246" ind1="3" ind2=" "><subfield code="i">Title in al-Dharīʻah (Āghā Buzurg al-Ṭihrānī):</subfield><subfield code="a">لب عين البكاء</subfield></datafield><datafield tag="246" ind1="3" ind2=" "><subfield code="i">Title from colophon on p.433:</subfield><subfield code="a">کتاب عین البکا</subfield></datafield><datafield tag="246" ind1="3" ind2=" "><subfield code="i">Title from spine label:</subfield><subfield code="a">عین بکا خطی</subfield></datafield><datafield tag="260" ind1=" " ind2=" "><subfield code="a">[Tabrīz,</subfield><subfield code="c">1827].</subfield></datafield><datafield tag="300" ind1=" " ind2=" "><subfield code="a">213 leaves :</subfield><subfield code="b">paper ;</subfield><subfield code="c">297 x 200 (235 x 145) mm.</subfield></datafield><datafield tag="500" ind1=" " ind2=" "><subfield code="a">Shelfmark: Ann Arbor, University of Michigan, Special Collections Library, Isl. Ms. 883</subfield></datafield><datafield tag="500" ind1=" " ind2=" "><subfield code="a">Origin: As appears in colophon on p.433, transcription completed in Tabrīz, 23 Dhū al-Ḥijjah 1242 [ca. 18 July 1827].</subfield></datafield><datafield tag="500" ind1=" " ind2=" "><subfield code="a">Accompanying materials: a. Slip with note "Persian MSS (Heyworth-Dunne?) No Husselman or Meredith-Owen notes" (paginated pp.1-2) -- b. Recyled card with note in hand of Emilie Savage-Smith [?] "19th c. Persian" (paginated pp.3-4) -- c. Slip with note "Counted for 1968/69 Annual Report" (paginated pp.5-6) -- d. Slip with title and date "ʻeyn-ol-bokā | Copied in Tabriz 1242 AH" (paginated pp.7-8) -- e. Page torn from 1913 catalog of Luzac &amp; Co., 46, Great Russell Street, London, with description and price listed for this manuscript and others "II.-PERSIAN AND HINDUSTANI MSS. ...166 Ainul-buka. By Muhammad Taki bin Ahmad of Borujand. A work on the Tragedy of Imam Husain, composed A.H. 1199. Persian MS. on glazed paper in fair Nastaʻliq hand ; 2 inks. Small folio. Leather bound. 203 folios. Copied in Tabriz, A.H. 1242. £ 1 1S." (paginated pp.9-10).</subfield></datafield><datafield tag="500" ind1=" " ind2=" "><subfield code="a">Former shelfmark: Mich. Isl. Ms. temp. no. 32</subfield></datafield><datafield tag="500" ind1=" " ind2=" "><subfield code="a">Binding: Pasteboards covered in black leather with red leather over spine, head edge and fore edge of upper board and corners of lower board (likely repairs) ; Type III binding (without flap) ; board linings in untinted wove paper ; sewn in white thread, two stations ; worked chevron endbands in red and cream, good condition ; overall in somewhat poor condition with much abrasion, staining, etc.</subfield></datafield><datafield tag="500" ind1=" " ind2=" "><subfield code="a">Support: European machine laid paper with chain lines spaced 25-26 mm. apart (vertical), 'laid' lines in a faint mesh or cross-hatch, and watermarks of scrollwork having eagle above tower within, "T G" below and crown above, as well as "GAGGIERO" (see p.12, 14, 16, 20, etc. and compare no.3740 in Heawood), sturdy and well-sized and burnished, cream in color ; fills and other repairs in wove paper.</subfield></datafield><datafield tag="500" ind1=" " ind2=" "><subfield code="a">Decoration: Keywords and section headings rubricated ; overlining in red ; textual dividers in the form of four dots or inverted commas.</subfield></datafield><datafield tag="500" ind1=" " ind2=" "><subfield code="a">Script: Nastaʻlīq ; elegant hand ; serifless with effect of words descending to baseline, elongation and exaggerated thickness of horizontal strokes, free assimilation of letters, many large, sweeping descenders ; some descenders reversed / recurved.</subfield></datafield><datafield tag="500" ind1=" " ind2=" "><subfield code="a">Layout: Written in 21 lines per page ; frame-ruled.</subfield></datafield><datafield tag="500" ind1=" " ind2=" "><subfield code="a">Collation: 26 IV(208), II+1 (213) ; almost exclusively quaternions ; catchwords present ; pagination in pencil, Western numerals, supplied during digitization (includes inserts and skips two pages between p.77-78).</subfield></datafield><datafield tag="500" ind1=" " ind2=" "><subfield code="a">Colophon: "Scribal," rectangular, reads "تمام شد این کتاب عین البکا در روز سه شنبه در بیست و سوم شهر ذی حجة الحرام در دار السلطنة تبریز در سنه هزار دویست چهل دو از هجرت ... نبوى ..."</subfield></datafield><datafield tag="500" ind1=" " ind2=" "><subfield code="a">Explicit: "ویا حبیب قلوب العابدین تمام شد این کتاب عين البکا"</subfield></datafield><datafield tag="500" ind1=" " ind2=" "><subfield code="a">Incipit: "الحمد لله الذی خلقنا بلطفه من الماء والطین وجعلنا بکرامت من الامة سید المرسلین ... اما بعد اصل هر کلام ... و این نسخه را موسوم بعین البكکاء کرد اینده ..."</subfield></datafield><datafield tag="500" ind1=" " ind2=" "><subfield code="a">Title from opening matter on p.13.</subfield></datafield><datafield tag="500" ind1=" " ind2=" "><subfield code="a">Ms. codex.</subfield></datafield><datafield tag="510" ind1="4" ind2=" "><subfield code="a">Storey,</subfield><subfield code="c">p. 942</subfield></datafield><datafield tag="510" ind1="4" ind2=" "><subfield code="a">Āghā Buzurg al-Ṭihrānī. al-Dharīʻah ilá taṣānīf al-Shīʻah,</subfield><subfield code="c">no.135 v.18 p.287</subfield></datafield><datafield tag="520" ind1="8" ind2=" "><subfield code="a">Fine copy of what is apparently the abridgment (mukhtaṣar) of the author's work on the martyrdom of Imām Ḥusayn.</subfield></datafield><datafield tag="538" ind1=" " ind2=" "><subfield code="a">Mode of access: Internet.</subfield></datafield><datafield tag="541" ind1=" " ind2=" "><subfield code="c">Gift ;</subfield><subfield code="a">Acquired from Frank E. Nuttall (1875-1943).</subfield></datafield><datafield tag="546" ind1=" " ind2=" "><subfield code="a">Persian.</subfield></datafield><datafield tag="561" ind1=" " ind2=" "><subfield code="a">On spine label "٣" with title inscription "عین بکا خطی" ; possible former inventory marks "pafs / 1912" and "1/1/-" in pencil on upper board lining, "16297a" on lower board lining ; scribal verses flanking colophon "هر که خواند دعا طمع دارم زانکه من بندۀ گنه کارم" ; fairly clean copy.</subfield></datafield><datafield tag="600" ind1="0" ind2="0"><subfield code="a">Ḥusayn ibn ʻAlī,</subfield><subfield code="d">-680</subfield><subfield code="x">Death and burial</subfield><subfield code="v">Early works to 1800.</subfield></datafield><datafield tag="650" ind1=" " ind2="0"><subfield code="a">Manuscripts, Persian</subfield><subfield code="z">Michigan</subfield><subfield code="z">Ann Arbor.</subfield></datafield><datafield tag="650" ind1=" " ind2="0"><subfield code="a">Shīʻah</subfield><subfield code="x">History</subfield><subfield code="v">Early works to 1800.</subfield></datafield><datafield tag="650" ind1=" " ind2="0"><subfield code="a">Martyrdom</subfield><subfield code="x">Islam</subfield><subfield code="v">Early works to 1800.</subfield></datafield><datafield tag="650" ind1=" " ind2="0"><subfield code="a">Imams (Shiites)</subfield><subfield code="v">Biography</subfield><subfield code="v">Early works to 1800.</subfield></datafield><datafield tag="650" ind1=" " ind2="0"><subfield code="a">Karbalāʼ, Battle of, Karbalāʼ, Iraq, 680</subfield><subfield code="v">Early works to 1800.</subfield></datafield><datafield tag="700" ind1="1" ind2=" "><subfield code="a">Nuttall, Frank E.,</subfield><subfield code="d">1875-1943,</subfield><subfield code="e">former owner.</subfield></datafield><datafield tag="773" ind1="0" ind2=" "><subfield code="a">F. E. Nuttall Collection.</subfield></datafield><datafield tag="880" ind1="1" ind2="0"><subfield code="6">245-03/</subfield><subfield code="a">عین البکاء,</subfield><subfield code="f">[1242ه, 1827م].</subfield></datafield><datafield tag="880" ind1="1" ind2=" "><subfield code="6">100-01/</subfield><subfield code="a">بروجردى, محمد تقى بن احمد.</subfield></datafield><datafield tag="CID" ind1=" " ind2=" "><subfield code="a">006837439</subfield></datafield><datafield tag="DAT" ind1="0" ind2=" "><subfield code="a">20190719102641.0</subfield><subfield code="b">20190719000000.0</subfield></datafield><datafield tag="DAT" ind1="1" ind2=" "><subfield code="a">20190719090653.0</subfield><subfield code="b">2019-07-19T16:12:30Z</subfield></datafield><datafield tag="DAT" ind1="2" ind2=" "><subfield code="a">2015-10-10T18:00:06Z</subfield></datafield><datafield tag="CAT" ind1=" " ind2=" "><subfield code="a">SDR-MIU</subfield><subfield code="d">EX LIBRIS - ALEPH</subfield><subfield code="l">prepare.pl-004-008</subfield></datafield><datafield tag="FMT" ind1=" " ind2=" "><subfield code="a">BK</subfield></datafield><datafield tag="HOL" ind1=" " ind2=" "><subfield code="0">sdr-miu006837439</subfield><subfield code="a">MiU</subfield><subfield code="b">SDR</subfield><subfield code="c">MIU</subfield><subfield code="p">mdp.39015079132604</subfield><subfield code="s">MIU</subfield><subfield code="1">006837439</subfield></datafield><datafield tag="974" ind1=" " ind2=" "><subfield code="b">MIU</subfield><subfield code="c">MIU</subfield><subfield code="d">20190719</subfield><subfield code="s">lit-dlps-dc</subfield><subfield code="u">mdp.39015079132604</subfield><subfield code="y">1827</subfield><subfield code="r">pd</subfield><subfield code="q">bib</subfield><subfield code="t">non-US bib date1 &lt; 1879</subfield></datafield></record></collection>